@article{markowitz1952portfolio,
  title={Portfolio Selection},
  author={Markowitz, Harry},
  journal={Journal of Finance},
  volume={7},
  number={1},
  pages={77--91},
  year={1952},
  publisher={Wiley Online Library}
}

@article{sharpe1966mutual,
  title={Mutual Fund Performance},
  author={Sharpe, William F},
  journal={Journal of Business},
  volume={39},
  number={1},
  pages={119--138},
  year={1966},
  publisher={University of Chicago Press}
}

@article{boyle1977options,
  title={Options: A Monte Carlo Approach},
  author={Boyle, Phelim P},
  journal={Journal of Financial Economics},
  volume={4},
  number={3},
  pages={323--338},
  year={1977},
  publisher={Elsevier}
}

@online{yahooFinance,
  author = {{Yahoo Finance}},
  title = {Yahoo Finance},
  url = {https://finance.yahoo.com/}
}

@online{robinhood,
  author = {{Robinhood}},
  title = {Robinhood},
  url = {https://robinhood.com/}
}

@online{coinbase,
  author = {{Coinbase}},
  title = {Coinbase},
  url =  {https://www.coinbase.com/}
}

@online{ici,
  author = {{Investment Company Institute}},
  title = {Investment Company Institute},
  url = {https://www.ici.org/}
}

@report{nar2023,
  title={2023 Home Buyer and Seller Generational Trends},
  author={National Association of Realtors},
  year={2023},
  url={https://www.nar.realtor/research-and-statistics/research-reports/home-buyer-and-seller-generational-trends}
}

@report{federalReserve2023,
  title={Report on the Economic Well-Being of U.S. Households in 2023},
  author={Federal Reserve},
  year={2023},
  url={https://www.federalreserve.gov/publications/2023-economic-well-being-of-us-households-in-2023.htm}
}

@online{bls,
  author = {{Bureau of Labor Statistics}},
  title = {Income and Expenditures},
  url = {https://www.bls.gov/income-and-expenditures.htm}
}

