@article{anderson1966,
    author = {Robert T. Anderson},
    title = {The Rotating Credit Associations in India},
    journal = {Economic Development and Cultural Change},
    year = {1966},
    volume = {14},
    pages = {334--339}
}

@article{sharpe1966,
    author = {William F. Sharpe},
    title = {Mutual Fund Performance},
    journal = {Journal of Business},
    year = {1966},
    volume = {39},
    pages = {119--138}
}

@article{markowitz1952,
    author = {Harry Markowitz},
    title = {Portfolio Selection},
    journal = {Journal of Finance},
    year = {1952},
    volume = {7},
    pages = {77--91}
}

@article{merton1973,
    author = {Robert C. Merton},
    title = {Theory of Rational Option Pricing},
    journal = {Bell Journal of Economics and Management Science},
    year = {1973},
    volume = {4},
    pages = {141--183}
}

@book{ulam1987,
    author = {Stanislaw Ulam},
    title = {Adventures of a Mathematician},
    publisher = {Charles Scribner's Sons},
    year = {1987}
}

@misc{yahoofinance,
    author = {{Yahoo Finance}},
    title = {Yahoo Finance},
    note = {Retrieved from \url{https://finance.yahoo.com/}}
}

@misc{robinhood,
    author = {{Robinhood}},
    title = {Robinhood},
    note = {Retrieved from \url{https://robinhood.com/}}
}

@misc{coinbase,
    author = {{Coinbase}},
    title = {Coinbase},
    note = {Retrieved from \url{https://www.coinbase.com/}}
}

@misc{ici,
    author = {{Investment Company Institute}},
    title = {Investment Company Institute},
    note = {Retrieved from \url{https://www.ici.org/}}
}

@misc{nar2023,
    author = {{National Association of Realtors}},
    title = {2023 Home Buyer and Seller Generational Trends},
    note = {Retrieved from \url{https://www.nar.realtor/research-and-statistics/research-reports/home-buyer-and-seller-generational-trends}},
    year = {2023}
}

@misc{federalreserve2023,
    author = {{Federal Reserve}},
    title = {Report on the Economic Well-Being of U.S. Households in 2023},
    note = {Retrieved from \url{https://www.federalreserve.gov/publications/2023-economic-well-being-of-us-households-in-2023.htm}},
    year = {2023}
}


